<?xml version="1.0" encoding="UTF-8"?><collection xmlns="http://www.loc.gov/MARC21/slim"><record><leader>00448nam--2200145-i-4500</leader><controlfield tag="001">000001521</controlfield><controlfield tag="002">20161230</controlfield><controlfield tag="005">20161230201024</controlfield><controlfield tag="008">060222s1000------------r-----000-0-eng-d</controlfield><datafield ind1=" " ind2=" " tag="080"><subfield code="a">517.983=03.82</subfield></datafield><datafield ind1=" " ind2=" " tag="100"><subfield code="a">Glazman,I.M., Liubici, Iu.I</subfield></datafield><datafield ind1=" " ind2=" " tag="245"><subfield code="a">Analiza liniara pe statii finit-dimensionale. manual de probleme</subfield></datafield><datafield ind1=" " ind2=" " tag="260"><subfield code="a">Bucuresti, Editura Stiintifica Si Enciclopedica, 1980. 443 P</subfield></datafield><datafield ind1=" " ind2=" " tag="852"><subfield code="a">47762</subfield><subfield code="c">517.9</subfield></datafield><datafield ind1=" " ind2=" " tag="CAT"><subfield code="a">Sys</subfield><subfield code="c">20090318</subfield><subfield code="h">103903</subfield></datafield></record></collection>